%% This BibTeX bibliography file was created using BibDesk.
%% http://bibdesk.sourceforge.net/


%% Created for Adrian Price-Whelan at 2016-09-06 09:57:06 -0400


%% Saved with string encoding Unicode (UTF-8)



@article{Martell:2016,
	Adsnote = {Provided by the SAO/NASA Astrophysics Data System},
	Adsurl = {http://adsabs.harvard.edu/abs/2016ApJ...825..146M},
	Archiveprefix = {arXiv},
	Author = {{Martell}, S.~L. and {Shetrone}, M.~D. and {Lucatello}, S. and {Schiavon}, R.~P. and {M{\'e}sz{\'a}ros}, S. and {Allende Prieto}, C. and {Garc{\'{\i}}a Hern{\'a}ndez}, D.~A. and {Beers}, T.~C. and {Nidever}, D.~L.},
	Date-Added = {2016-09-06 13:57:04 +0000},
	Date-Modified = {2016-09-06 13:57:04 +0000},
	Doi = {10.3847/0004-637X/825/2/146},
	Eid = {146},
	Eprint = {1605.05792},
	Journal = {\apj},
	Keywords = {Galaxy: formation, Galaxy: halo, Galaxy: stellar content, stars: abundances},
	Month = jul,
	Pages = {146},
	Title = {{Chemical Tagging in the SDSS-III/APOGEE Survey: New Identifications of Halo Stars with Globular Cluster Origins}},
	Volume = 825,
	Year = 2016,
	Bdsk-Url-1 = {http://dx.doi.org/10.3847/0004-637X/825/2/146}}
